@online{wikipedia-scrum,
    author={Wikipedia},
    title={Scrum},
    url={https://en.wikipedia.org/wiki/Scrum_(software_development)},
    urldate={2024-09-30}
}

@online{tiny-K22-Pinout,
    author={Erich Styger},
    title={Tiny K22 Pinout},
    url={https://github.com/ErichStyger/mcuoneclipse/blob/master/tinyK22/RevA/tinyK22_Pinout.pdf/},
    urldate={2024-12-05}
}

@online{avoid-reflection,
    author={Aarthi Arunkumar},
    title={How to Avoid Reflections When Taking Photos},
    url={https://www.makeuseof.com/how-to-avoid-reflections-in-photography/},
    urldate={2024-10-27}
}

@online{github-sustainability,
    author={GitHub},
    title={Environmental sustainability},
    url={https://github.com/social-impact/focus-areas/environmental-sustainability},
    urldate={2024-11-24}
}
@online{green-software,
    author={Abby 'abbitude'},
    title={GreenSoftwareDirectory},
    url={https://github.com/github/GreenSoftwareDirectory},
    urldate={2024-11-28}
}

@online{github-goals,
    author={Erica Brescia},
    title={Environmental sustainability at GitHub},
    url={https://github.blog/news-insights/company-news/environmental-sustainability-github/},
    urldate={2024-11-28}
}
@online{green-software-initiative,
    author={Green Software Foundation},
    title={Green software},
    url={https://greensoftware.foundation/},
    urldate={2024-11-28}
}
@online{one-tree-planted,
    author={One Tree Planted},
    title={ONETREEPLANTED},
    url={https://onetreeplanted.org/},
    urldate={2024-11-28}
}

@online{3-r,
author={Solar Schools},
title={Reduce, Reuse, Recycle},
url={https://solarschools.net/knowledge-bank/sustainability/reduce-reuse-recycle},
urldate={2025-01-05}}

@online{proliant,
author={Hewlett Packart Enterprise},
title={HPE ProLiant MicroServer Generation 8 (Gen8) [Datenblatt]},
url={https://www.hpe.com/h20195/v2/GetPDF.aspx/c04123182.pdf},
urldate={2025-01-05}
}

@online{pla,
author={Kunststoffe},
title={Polylactid (PLA)},
url={https://www.kunststoffe.de/a/grundlagenartikel/polylactid-pla-264462},
urldate={2025-01-05}
}

@online{sourcePLA,
author={Deutsche Rohstoffagentur},
title={Aluminium – Informationen zur Nachhaltigkeit},
url={https://www.deutsche-rohstoffagentur.de/DE/Gemeinsames/Produkte/Downloads/Informationen_Nachhaltigkeit/aluminium.pdf?__blob=publicationFile},
urldate={2025-01-05}
}


@online{sourceSteel,
author={Fraunhofer-Gesellschaft},
title={CO₂-neutrale Produktion},
url={https://www.ipk.fraunhofer.de/content/dam/ipk/IPK_Hauptseite/dokumente/futur/ausgaben/ipk-futur-2022-1-de.pdf},
urldate={2025-01-05}
}

@online{sourceABS,
author={bage plastics GmbH},
title={Ausgezeichnete CO₂-Bilanz für bage Rezyklate},
url={https://bage-plastics.com/de/ausgezeichnete-co2-bilanz-fuer-bage-rezyklate},
urldate={2025-01-05}
}

@online{sourceAluminium,
author={ClimatePartner},
title={Vergleich der CO₂-Emissionen verschiedener Recycling-Kunststoffe},
url={https://www.duerrbeck.com/fileadmin/user_files/downloads/ClimatePartner-Vergleich-CO2-Emissionen.pdf},
urldate={2025-01-05}
}



@online{ocean-cleanup,
    author={The Ocean Cleanup Technologies},
    title={The Ocean Cleanup},
    url={https://theoceancleanup.com/},
    urldate={2024-11-28}
}

@online{oss-sustainability,
    author={Tobias Augspurger, Eirini Malliaraki, Josh Hopkins},
    title={7 interesting metrics about open source in sustainability},
    url={https://opensource.com/article/23/1/open-source-sustainability#:~:text=Open%20source%20software%20(OSS)%20accelerates,importantly%2C%20helping%20to%20prevent%20greenwashing.},
    urldate={2024-11-28}
}
@Inbook{Fericean2023-motors,
author={Uwe Probst},
editor={............},
title={Servoantriebe in der Automatisierungstechnik},
year={2022},
publisher={Springer Fachmedien Wiesbaden},
pages={247},
sbn={978-3-658-37423-5},
doi={h10.1007/978-3-658-37423-5},
url={https://doi.org/10.1007/978-3-658-37423-5},
urldate={2024-09-28}
}
@inbook{Fericean2023-sensors,
author      = {Fericean, Sorin and Schönfelder, Gert},
editor      = {Hering, Ekbert and Schönfelder, Gert},
title       = {Sicherheitsaspekte bei Sensoren},
bookTitle   = {Sensoren in Wissenschaft und Technik: Funktionsweise und Einsatzgebiete},
year        = {2023},
publisher   = {Springer Fachmedien Wiesbaden},
address     = {Wiesbaden},
pages       = {805--820},
abstract    = {Die Dezentralisierung der Datenverarbeitung erfordert die Übertragung und Erhöhung der Intelligenz auf der untersten Ebene, der Sensoren- und Aktuator-Ebene. Dies setzt zusätzliche Funktionen zur Parametrierung und Diagnose der Systeme von zentraler Stelle voraus.},
isbn        = {978-3-658-39491-2},
doi         = {10.1007/978-3-658-39491-2_17},
url         = {https://doi.org/10.1007/978-3-658-39491-2_17},
urldate     = {2024-09-28}
}


